<record><leader>00000cas a22000007a 4500</leader><controlfield tag="001">12358808</controlfield><controlfield tag="008">850807d19271953iauwr ne      0    0eng d</controlfield><datafield ind1=" " ind2=" " tag="010"><subfield code="a">sn 85049680 </subfield></datafield><datafield ind1=" " ind2=" " tag="040"><subfield code="a">INP</subfield><subfield code="b">eng</subfield><subfield code="c">INP</subfield><subfield code="d">OCLCQ</subfield></datafield><datafield ind1=" " ind2=" " tag="042"><subfield code="a">msc</subfield></datafield><datafield ind1="0" ind2=" " tag="130"><subfield code="a">Marion sentinel (Marion, Iowa : 1927)</subfield></datafield><datafield ind1="1" ind2="4" tag="245"><subfield code="a">The Marion sentinel.</subfield></datafield><datafield ind1=" " ind2=" " tag="260"><subfield code="a">Marion, Iowa :</subfield><subfield code="b">J.L. Papes and Son,</subfield><subfield code="c">1927-1953.</subfield></datafield><datafield ind1=" " ind2=" " tag="300"><subfield code="a">27 v. :</subfield><subfield code="b">ill.</subfield></datafield><datafield ind1=" " ind2=" " tag="310"><subfield code="a">Weekly</subfield></datafield><datafield ind1="0" ind2=" " tag="362"><subfield code="a">Vol. 48, no. 23 (Jan. 27, 1927)-v. 74, no. 17 (Nov. 26, 1953).</subfield></datafield><datafield ind1=" " ind2=" " tag="500"><subfield code="a">"Eastern Iowa's greatest rural weekly."</subfield></datafield><datafield ind1=" " ind2=" " tag="500"><subfield code="a">Publisher varies.</subfield></datafield><datafield ind1=" " ind2=" " tag="500"><subfield code="a">"Linn County centennial edition" issued Aug. 26, 1937.</subfield></datafield><datafield ind1=" " ind2=" " tag="500"><subfield code="a">Supplements issued occasionally.</subfield></datafield><datafield ind1=" " ind2=" " tag="525"><subfield code="a">"Farm and home journal" supplement issued monthly; &lt;Feb. 11, 1953&gt;-Nov. 26, 1953.</subfield></datafield><datafield ind1=" " ind2=" " tag="752"><subfield code="a">United States</subfield><subfield code="b">Iowa</subfield><subfield code="c">Linn</subfield><subfield code="d">Marion.</subfield></datafield><datafield ind1="0" ind2="0" tag="780"><subfield code="t">Marion weekly sentinel</subfield><subfield code="w">(DLC)sn 85049679</subfield></datafield><datafield ind1="0" ind2="5" tag="780"><subfield code="t">Walker news</subfield><subfield code="w">(DLC)sn 85050887</subfield></datafield><datafield ind1="0" ind2="0" tag="785"><subfield code="t">Sentinel (Marion, Iowa)</subfield><subfield code="w">(DLC)sn 85049681</subfield></datafield></record>